@Article{graal,
    title = {{A Hybrid Collocation-Galerkin-Sn Method for Solving the Boltzmann
        Transport Equation}},
    author = {J. E. Morel},
    journal = {Nuclear Science and Engineering},
    year = {1989},
    volume = {101},
}
@Article{morel_81,
    title = {{Fokker-Planck Calculations Using Standard Discrete Ordinates
        Transport Codes}},
    author = {J.E. Morel},
    journal = {Nuclear Science and Engineering},
    year = {1981},
    volume = {79},
}
@Article{morel_96,
    title = {{A Hybrid Multigroup/Continuous-Energy Monte-Carlo Method for Solving
        the Boltzmann-Fokker-Planck Equation}},
    author = {J.E. Morel and D.P. Sloan},
    journal = {Nuclear Science and Engineering},
    year = {1996},
    volume = {124},
}
@Article{morel_fp1,
    title = {{An improved Fokker-Planck differencing scheme}},
    author = {J.E. Morel},
    journal = {Nuclear Science and Engineering},
    year = {1985},
    volume = {89},
}
@Article{morel_fp2,
    title = {{A discretization scheme for the three-dimensional angular
        Fokker-Planck operator}},
    author = {J.E. Morel and A. Prinja and J.M. McGhee and T.A. Wareing},
    journal = {Nuclear Science and Engineering},
    year = {2007},
    volume = {156},
}
@Article{cepxs,
    title = {{CEPXS/ONELD 1.0 manual user}},
    journal = {RSICC Computer Code Collection},
}
@Article{acuros,
    title = {{Validation of a new grid-based Boltzmann equation solver for dose
        calculation in radiotherapy with photo beams}},
    author = {Oleg N. Vassiliev and Todd A. Wareing and John McGhee and Gregory
        Failla and Mohammad R. Salehpour and Firas Mourtada},
    journal = {Physics in Medicine and Biology},
    year = {2010},
    volume = {55},
}
@Article{mem,
    title = {{Comparison of a finite-element multigroup discrete-ordinates codes
        with Monte-Carlo for radiotherapy calculations}},
    author = {Kent A. Gifford and John L. Horton Jr. and Todd A. Wareing and
        Gregory Failla \and Firas Mourtada},
    journal = {Physics in Medicine and Biology},
    year = {2006},
    volume = {51},
}
@Article{larsen,
    title = {{The linear Boltzmann equation in optically thick systems with
        forward-peaked scattering}},
    author = {Edward W. Larsen},
    journal = {Progress in Nuclear Energy},
    year = {1999},
    volume = {34},
} 
@Article{seco,
    title = {{Head-and-neck IMRT treatments assessed with a Monte-Carlo dose
        calculation engine}},
    author = {J. Seco and E. Adams and M. Bidmead and M. Partridge and F.
        Verhaegen},
    journal = {Physics in Medicine and Biology},
    year = {2005},
    volume = {50},
}
@Article{krieger,
    title = {{Monte-Carlo- versus pencil-beam-/collapsed-cone-dose calculation
    in a heterogeneous multi-layer phantom}},
    author = {Thomas Krieger and Otto A Sauer},
    journal = {Physics in Medicine and Biology},
    year = {2005},
    volume = {50},
}
